@book{texbook,
  author = {Donald E. Knuth},
  year = {1986},
  title = {The {\TeX} Book},
  publisher = {Addison-Wesley Professional},
  langid = {english},
}

@book{latex:companion,
  author = {Frank Mittelbach and Michel Gossens
            and Johannes Braams and David Carlisle
            and Chris Rowley},
  year = {2004},
  title = {The {\LaTeX} Companion},
  publisher = {Addison-Wesley Professional},
  edition = {2},
  langid = {english},
}

@book{latex2e,
  author = {Leslie Lamport},
  year = {1994},
  title = {{\LaTeX}: a Document Preparation System},
  publisher = {Addison Wesley},
  address = {Mas\-sa\-chu\-setts},
  edition = {2},
  langid = {english},
}

@article{knuth:1984,
  title={Literate Programming},
  author={Donald E. Knuth},
  journal={The Computer Journal},
  volume={27},
  number={2},
  pages={97--111},
  year={1984},
  publisher={Oxford University Press},
  langid = {english},
}

@online{master-report-repo,
  title = {Репозиторий настоящего шаблона},
  url={https://github.com/user160244980349/xelatex-master-report},
  urldate = {2012-07-27},
  langid = {russian},
}

@online{gost-examples,
  title = {Примеры по biblatex-gost},
  url={https://ctan.math.illinois.edu/macros/latex/contrib/biblatex-contrib/biblatex-gost/doc/biblatex-gost-examples.pdf},
  urldate = {2012-07-27},
  langid = {russian},
}

@online{gost-docs,
  title = {Документация по biblatex-gost},
  url={https://ctan.math.illinois.edu/macros/latex/contrib/biblatex-contrib/biblatex-gost/doc/biblatex-gost.pdf},
  urldate = {2012-07-27},
  langid = {russian},
}

@online{gost-repo,
  title = {Репозиторий biblatex-gost},
  url={https://github.com/odomanov/biblatex-gost},
  urldate = {2012-07-27},
  langid = {russian},
}

@inproceedings{lesk:1977,
  title={Computer Typesetting of Technical Journals on {UNIX}},
  author={Michael Lesk and Brian Kernighan},
  booktitle={Proceedings of American Federation of
             Information Processing Societies: 1977
             National Computer Conference},
  pages={879--888},
  year={1977},
  address={Dallas, Texas},
  langid = {english},
}